2782 5078
254 415 297 462 20

259 569 310 630 Ne
336 566 472 646 strepitu
497 545 618 622 terrete
643 557 783 640 pedum,
819 557 896 620 ‘neu
923 559 1067 640 quaerite
1091 577 1225 635 nomeu,

360 670 434 730 Neu
459 685 560 746 prope
587 663 728 743 fulgenti
752 663 878 722 lumina
905 660 988 722 ferte
1016 663 1094 722 foce.

168 837 169 842 ,
262 774 298 836 Si
325 773 393 856 quis
422 783 453 830 et
479 765 666 850 imprudens
695 768 884 846 asspexerit,
932 766 1057 826 occulat
1080 765 1148 840 iile,

363 874 490 952 Perque
517 871 592 932 deoc
621 890 733 930 omnes
761 889 794 930 se
820 858 1004 930 merrlinisse
1029 877 1145 947 neget.⁴
1258 883 1308 948 40

192 1017 194 1023 s
259 979 344 1042 Nam
371 977 478 1037 fuerit
500 975 683 1054 quicunque
709 971 846 1052 loquax,
891 973 917 1032 is
945 973 1101 1052 sanguine
1127 959 1246 1048 nutam,

365 1080 396 1140 Is
424 1076 587 1166 Venerem
614 1097 632 1136 e
656 1074 768 1134 rabido
795 1075 914 1136 sentiet
941 1087 1016 1135 esse*
1031 1075 1125 1135 marii

260 1185 331 1248 Nec
356 1197 468 1243 tamen
494 1182 571 1240 huic
597 1178 705 1252 credet
733 1179 850 1256 coniux
875 1191 967 1268 tuus,
1011 1191 1049 1238 ut
1074 1179 1159 1254 mihi
1184 1191 1279 1240 verax

368 1281 521 1346 Pollicita
548 1295 596 1344 est
619 1281 747 1362 magico
774 1300 848 1362 saga
872 1282 1065 1347 ministerio.
1138 1364 1140 1368 Ι

174 1402 188 1430 “
265 1443 472 1496 ---÷

330 1567 373 1620 37.
400 1559 442 1609 Ne
462 1571 515 1626 pro
538 1551 621 1626 vulg.
634 1561 688 1610 neit
703 1561 838 1608 testantur
850 1539 921 1607 libri
935 1563 1003 1609 mss.
1017 1551 1084 1608 Stat.
1099 1545 1168 1609 tart.
1180 1563 1312 1624 quotuor.

71 1697 73 1704 ,
129 1615 134 1629 ⁸
173 1639 174 1644 ’
258 1639 355 1716 Angll.
376 1641 410 1694 A.
431 1637 463 1694 C.
479 1639 571 1696 Bercl.
587 1650 612 1708 4.
627 1640 738 1695 ericc.
754 1657 778 1695 1.
796 1639 852 1694 edt.
868 1658 910 1713 pr.
926 1642 995 1714 Reg.
1011 1640 1089 1713 Lips.
1106 1639 1168 1695 Ald.
1187 1660 1209 1692 ι.
1246 1642 1312 1692 Hoc

260 1725 414 1790 revocavi,
439 1725 522 1798 prob.
544 1729 581 1784 V.
604 1726 632 1783 d.
647 1727 679 1779 in
691 1724 766 1799 Eph.
780 1723 839 1779 litt.
853 1725 931 1799 Lips.
950 1738 1041 1796 1813„
1067 1742 1211 1800 propterea
1231 1715 1311 1796 quorl

261 1811 398 1867 sententis
419 1810 615 1884 superioribus
635 1830 695 1866 ιιοιι
715 1829 842 1867 connexe
868 1821 919 1870 ott.
964 1811 1089 1866 Probum
1108 1827 1166 1866 eret
1188 1825 1255 1876 neu,
1286 1809 1313 1863 si

259 1895 452 1972 praecessisset
471 1907 503 1950 ut
517 1895 562 1951 vel
578 1885 613 1959 rie
626 1895 675 1952 vel
689 1909 764 1950 certe
778 1895 924 1951 coniunct.
939 1897 1060 1962 modus,
1084 1911 1116 1952 ut
1128 1916 1170 1952 ve.
1185 1914 1228 1950 ro.
1265 1895 1312 1950 ed

260 1999 351 2038 nostr.
366 1978 566 2036 vindicandtm
580 1981 689 2036 faciunt
702 1979 768 2036 Tib.
782 1983 838 2043 tv,
861 1988 893 2049 4,
917 1994 942 2050 5.
962 1982 1043 2057 Virg.
1060 1983 1164 2057 Georg.
1179 1987 1224 2048 11,
1249 1993 1311 2050 251.

259 2073 386 2140 Propert.
405 2071 433 2134 1,
460 2087 509 2134 ιο,
536 2083 635 2142 susq.
671 2068 807 2122 Accurcte
830 2065 885 2122 hac
906 2068 941 2123 de
957 2089 987 2123 rc
1005 2069 1138 2122 disseruit
1153 2065 1264 2122 Schelle
1278 2068 1311 2122 in

260 2157 337 2212 notis
350 2155 385 2210 cd
399 2155 473 2210 Hor.
487 2170 537 2208 ert.
555 2165 631 2227 poet.
647 2173 676 2228 p.
691 2163 751 2222 ²58·
766 2171 828 2226 sqq.
862 2156 899 2208 H.
913 2156 995 2215 Voss.
1010 2175 1078 2218 neos
1105 2153 1265 2210 dummodo
1278 2153 1312 2208 id

248 2238 329 2300 'cum
343 2261 400 2316 seq.
414 2263 468 2296 neu
483 2239 567 2314 iungi
580 2242 681 2315 poscit.
922 2298 923 2304 ,
1158 2269 1185 2317 ο
1227 2276 1230 2284 ,

326 2337 374 2392 co.
402 2327 498 2389 Verbo
524 2340 606 2400 neget
626 2347 678 2400 per
701 2326 728 2382 d.
748 2345 863 2384 sensus:
888 2333 964 2403 jtuet
982 2347 1033 2403 per
1051 2327 1078 2383 d.
1087 2345 1119 2382 ο.
1132 2343 1163 2382 ss
1177 2340 1236 2382 uon
1246 2345 1313 2382 ιιιο-

201 2403 205 2416 ’
261 2413 390 2472 minicae.
1043 2463 1045 2467 .

332 2511 377 2568 4ο.
399 2517 442 2572 tq.
477 2499 592 2556 Sensul:
619 2499 790 2574 Quicunque
812 2517 891 2554 meos
904 2517 1013 2557 amores
1029 2498 1184 2576 evulgariss
1208 2500 1235 2554 it
1249 2498 1314 2556 oru'-

264 2588 407 2645 delitatem
420 2586 536 2647 Veneris
557 2604 623 2640 cum
646 2585 748 2641 dolore
769 2587 943 2659 experiatur,
971 2583 1047 2641 nihil
1064 2587 1154 2660 eptius
1171 2585 1313 2641 lectione:

151 2687 163 2712 ¹·
262 2677 380 2738 rabido,
409 2690 493 2746 quern
513 2672 642 2728 ePocch.
660 2692 734 2727 verr.
749 2690 776 2727 et
793 2671 940 2728 nonnullis
951 2675 1047 2728 Heius.
1065 2693 1131 2726 cum
1147 2675 1181 2726 H.
1196 2672 1313 2742 Vorsio,

261 2763 391 2824 Bauero,
424 2757 534 2812 Wund.
556 2759 657 2832 recepi.
692 2760 821 2814 Eandem
845 2759 921 2814 laud.
941 2759 1021 2832 Lips.
1042 2759 1077 2814 ed
1097 2765 1175 2816 Perv.
1194 2763 1263 2820 Ven.
1285 2778 1315 2834 9.

261 2848 309 2902 De
325 2843 432 2900 conius.
446 2861 494 2898 vv.
511 2846 628 2913 rapidus
644 2861 671 2898 et
684 2848 800 2900 rabidus
814 2845 848 2902 cl.
864 2850 919 2912 lv,
939 2864 968 2912 1,
987 2860 1031 2909 72.
1046 2861 1073 2900 et
1089 2849 1122 2902 ad
1137 2863 1223 2923 marg.
1238 2845 1316 2905 bibl.

172 2963 176 2975 r
261 2933 324 2994 erit.
351 2935 463 2988 Santen.
485 2930 612 2985 notavit:
633 2935 717 3006 Prop·
740 2938 800 3001 111,
827 2948 874 3001 ιγ,
901 2950 942 2986 ιο.
963 2935 1186 3003 Aen.VII.493.
1203 2935 1315 2990 Lucan.

263 3019 296 3074 in
314 3020 369 3073 Pie.
385 3028 446 3086 258.
459 3018 495 3070 H.
510 3018 593 3075 Vcsi.
606 3038 621 3070 e
635 3036 702 3074 cum
722 3021 855 3075 nonnull.
870 3016 953 3074 libris
969 3016 1088 3077 omittit.
1124 3022 1227 3072 Parum
1241 3035 1316 3092 apte,

261 3123 352 3178 quum
370 3122 431 3158 ιιοιι
450 3103 548 3184 eadem
565 3103 698 3175 procedat
719 3121 861 3160 structura
880 3105 912 3159 in
934 3116 1030 3160 notam
1049 3118 1076 3158 et
1091 3126 1105 3158 e
1118 3107 1175 3159 aab.
1190 3125 1223 3158 m⁴
1234 3115 1313 3175 teste,

260 3208 352 3264 neque
364 3189 462 3254 notio,
487 3207 558 3261 quae
571 3188 698 3264 simplici
710 3189 762 3248 abl.
776 3191 927 3254 convenit,
947 3191 997 3246 bic
1008 3190 1106 3246 locum
1121 3183 1228 3248 hebeat.

331 3301 374 3360 43.
397 3283 504 3350 Voluit
521 3290 630 3344 dicere:
654 3285 701 3348 Ne
724 3293 845 3363 conjux,
872 3293 896 3346 ci
918 3293 966 3348 vel
988 3293 1090 3367 aliquis
1104 3293 1209 3368 loquax
1224 3294 1316 3352 fuerit

260 3377 344 3452 eique
363 3376 436 3432 furta
458 3389 555 3430 nostre
575 3373 763 3442 indicaverit,
788 3377 1011 3445 crediturusne,
1037 3380 1068 3434 id
1079 3373 1248 3437 'effecturum
1263 3401 1315 3438 me

152 3522 156 3528 ,
261 3455 834 3538 dixitsagaaslhibitieartibusmagicie,
860 3483 928 3536 quac
944 3465 978 3519 ab
991 3464 1052 3538 ipsa
1066 3471 1230 3543 acceperim.
1264 3471 1315 3527 De

260 3547 423 3624 originibus
444 3545 511 3600 artic
524 3546 649 3618 magicae
663 3548 779 3622 eiusque
794 3550 916 3624 singulis
929 3553 1082 3607 momentis
1096 3555 1186 3626 perite
1201 3555 1314 3630 disput,

210 3687 214 3695 ,
261 3633 312 3691 cel.
329 3632 535 3690 Wachcmutht
549 3632 581 3686 in
594 3634 755 3700 Athenaeo,
775 3655 806 3691 v.
822 3640 866 3706 11,
885 3631 957 3711 pert.
971 3653 996 3694 c.
1010 3659 1037 3711 p.
1055 3655 1106 3712 209
1117 3651 1215 3712 -253.

331 3740 372 3804 46·
399 3741 440 3791 Ῑῑ·
460 3734 552 3790 Ρῑὼῐῐ·
568 3735 698 3792 Broubh·
710 3741 793 3798 Voss·
806 3742 915 3796 Wund.
929 3741 1064 3811 fulminis
1086 3763 1157 3798 unus
1170 3743 1316 3818 Broulsh.,·

260 3825 367 3882 Beroll.
395 3843 417 3879 ι.
440 3817 475 3889 ᾖ.
488 3829 518 3887 4.
532 3836 656 3894 quatuor
670 3826 753 3882 Voss.
772 3827 866 3883 Guelf.
881 3843 906 3881 2.
921 3847 974 3901 pro
991 3848 1021 3884 v.
1033 3827 1059 3895 l,
1083 3830 1169 3884 etiam
1183 3829 1268 3884 Alco.
1285 3854 1315 3888 ι.

261 3925 288 3964 2.
304 3913 381 3964 sistit
389 3908 482 3964 Berol.
496 3921 521 3964 2.
531 3908 640 3962 Hamb.
675 3910 720 3965 Ad
733 3925 859 3968 nostrcm
878 3915 1100 3969 confirmandam
1113 3914 1316 3974 faciuntclau.

260 3993 336 4050 (lien.
357 3995 391 4047 in
402 3991 468 4048 Ruf.
483 3995 513 4058 1,
540 4002 598 4061 ¹58·
638 3994 682 4047 Ire
703 4017 793 4068 vagas
813 4019 927 4069 quercus
948 4013 977 4055 et
993 4001 1106 4071 fulmen
1127 4013 1201 4054 stare
1223 4008 1311 4075 coegi.

260 4073 420 4146 tarsenses,
447 4081 483 4132 H.
501 4081 583 4138 Voss
599 4076 692 4146 laud.‚
710 4085 803 4142 ,Here
818 4085 881 4140 Oet.
899 4087 959 4159 469.
978 4099 1006 4140 et
1027 4099 1110 4140 cantu
1127 4087 1223 4160 sagax
1244 4096 1310 4144 Stet

260 4169 456 4236 deprehensum
468 4161 592 4237 fulmen.
626 4163 756 4239 Rapidus
775 4167 847 4226 benc
868 4171 997 4250 designat
1009 4171 1180 4228 celeritatem
1198 4172 1310 4232 ruentis
