2742 5070
274 1279 368 1394 Vos
394 1335 501 1397 tenet,
545 1320 689 1406 Etruscis
715 1336 823 1382 manat
848 1325 1101 1404 ¹quaesentibus
1128 1328 1226 1406 unda,

342 1491 343 1498 χ
380 1429 476 1488 Unda
501 1425 560 1486 sub
588 1427 744 1493 aestivum
768 1446 838 1486 non
862 1425 1007 1490 adeunda
1035 1429 1168 1506 Canem,

278 1533 375 1596 Nunc
402 1543 512 1592 nutem
538 1531 632 1590 sacris
657 1527 810 1588 Baiarum
835 1521 975 1590 inanima
1000 1531 1151 1612 lymphis,

374 1621 465 1696 'Cum
490 1654 524 1694 sc
549 1633 713 1718 purpureo
740 1653 815 1694 vere
840 1635 979 1696 remittit
1004 1635 1140 1696 humus:

275 1805 482 1824 m·-
572 1811 575 1819 ι

261 1923 263 1940 ⁴
346 1923 371 1962 r.
384 1901 517 1976 fontibus
529 1863 759 1974 propterxmanat
771 1919 799 1958 st
813 1904 888 1958 endo
899 1903 1028 1979 ineptum
1043 1905 1172 1962 iudicans
1183 1909 1223 1964 Η.
1235 1897 1308 1968 Voss.

185 2012 187 2020 ’
245 2061 246 2066 ¹
264 1993 307 2048 'in
327 2006 438 2046 textum
459 1987 574 2042 admisit
588 1988 744 2056 montibus,
755 2019 757 2026 ι
770 1990 848 2064 quod
861 2011 927 2052 cum
942 1995 1034 2052 Vatic.
1049 2013 1122 2048 unus
1134 1997 1183 2048 Br.
1198 2015 1214 2048 a
1227 2015 1309 2070 marg.

274 2081 438 2146 ctVoss.5.
457 2092 625 2149 agnoscunt.
660 2078 723 2148 Ego
744 2075 861 2149 quidem
885 2080 965 2153 aquis
986 2080 1084 2135 calidis
1104 2081 1211 2134 undam
1226 2082 1309 2154 fonti-

274 2165 325 2220 bus
345 2165 436 2236 magis
456 2155 543 2236 duam
561 2161 703 2214 montibus
725 2177 885 2219 manantem
901 2167 1055 2240 convenire
1074 2166 1205 2223 arbitror.
1243 2171 1309 2224 Fons

275 2269 302 2308 et
322 2250 528 2306 monsinmss.
542 2249 696 2302 sexcenties
714 2247 925 2318 confutarunt,
950 2271 978 2307 v.
997 2273 1021 2307 c.
1036 2252 1094 2308 Ov.
1108 2259 1189 2310 Pont.
1203 2260 1261 2323 IV,
1285 2269 1307 2324 5,

242 2369 249 2377 κ
272 2345 317 2407 45.
331 2338 384 2392 ubi
398 2335 507 2410 aliquot
524 2349 631 2390 orontes
644 2353 698 2410 pro
708 2321 786 2406 font.
804 2335 949 2392 exhibent.
967 2338 1003 2396 cf.
1019 2343 1089 2394 Hor
1102 2343 1132 2406 I
1153 2341 1201 2394 od.
1215 2356 1257 2414 29,
1275 2357 1308 2396 rt.

273 2426 380 2489 sil.,v
400 2423 460 2489 624
495 2425 649 2478 Prudenter
670 2439 770 2478 monet
789 2421 1004 2480 Broulrhusius:
1030 2428 1149 2498 „Quum
1173 2426 1309 2501 nobispa·

272 2530 340 2565 rum
360 2524 483 2575 constet,
510 2529 578 2584 quas
601 2509 713 2564 taudem
729 2507 860 2562 Etruriae
876 2507 999 2564 thermas
1013 2511 1141 2584 designet
1152 2513 1255 2568 Albius
1269 2534 1308 2568 uo·

273 2613 345 2666 seer,
373 2600 412 2668 [at
431 2615 496 2650 sane
512 2594 700 2668 complures
691 2615 723 2649 ιιι
737 2613 768 2648 ea
782 2595 899 2672 regione
911 2593 999 2652 fuisse
1012 2597 1179 2672 didicimus]
1194 2600 1271 2656 lund
1281 2600 1310 2657 la·

259 2683 329 2740 ,cile
344 2683 466 2738 sesceni
480 2681 588 2757 aliquid
603 2681 805 2738 constitueress

343 2802 370 2856 5.
390 2787 519 2842 Laudem
540 2785 683 2841 undarum
698 2788 810 2842 Etrusc.
832 2784 1022 2842 celebraturus
1043 2786 1132 2854 dicit,
1150 2787 1228 2857 illas,
1248 2809 1308 2866 quae

272 2895 324 2952 per
344 2875 456 2928 dierum
476 2871 683 2926 canicularium
702 2887 809 2926 aestum
829 2887 889 2927 non
906 2873 1048 2931 adeundae
1063 2875 1136 2942 sint,
1161 2893 1229 2930 cum
1239 2879 1308 2932 Bria·

190 2973 197 2978 ’
265 2963 326 3027 nis,
347 2979 412 3016 vare
426 2960 549 3026 ineunte,
569 2976 675 3014 certare
688 2957 735 3013 vel
751 2958 850 3013 immo.
861 2961 1019 3033 superiores
1034 2981 1067 3017 ac
1079 2959 1237 3020 nobiliores
1252 2983 1307 3020 esse·

187 3078 194 3103 s
225 3115 226 3118 Ἴ
274 3048 427 3122 Quaeritur
439 3063 549 3110 autem,
574 3045 720 3120 quomodo
736 3043 786 3100 hic
800 3047 1030 3102 sensnscvarbis
1045 3047 1112 3103 elici
1125 3049 1225 3122 possit.
1260 3053 1307 3107 Lu·

270 3135 380 3190 bricam
400 3132 457 3187 fere
476 3137 561 3207 atque
577 3134 714 3187 incertam
733 3131 802 3187 licit
823 3132 1086 3208 interpretationem
1106 3151 1169 3190 voc.
1186 3140 1306 3205 maxima,

271 3222 339 3296 quia
360 3221 405 3274 vis
421 3217 587 3294 superlativi
599 3237 656 3273 non
670 3218 881 3285 locum'habat.
906 3239 995 3294 quum
1010 3223 1143 3278 Etruscae
1158 3238 1186 3276 et
1198 3226 1307 3280 Baianus

46 3323 55 3336 ‘
163 3357 167 3366 ,
271 3307 364 3384 undae
376 3304 441 3361 loco
460 3305 585 3360 diversae
597 3304 671 3369 sint,
690 3313 782 3380 neque
796 3305 887 3380 igitur
902 3306 1035 3360 absoluto
1052 3309 1225 3381 superlativo
1241 3331 1307 3366 con·

270 3393 364 3468 parari
390 3391 465 3445 inter
488 3407 517 3444 sc
535 3389 654 3466 possint.
690 3393 774 3464 Quod
798 3392 914 3465 quidem
934 3391 1067 3446 ¹Broulth.
1086 3393 1208 3455 sentiens
1231 3401 1307 3452 Baias

271 3497 453 3554 quascunque
469 3475 592 3532 thermas
608 3474 779 3550 appellative
794 3477 853 3532 dici
865 3478 1011 3533 statuebat.
1048 3482 1239 3554 Heyu.,verba
1253 3484 1308 3538 iun·

192 3579 193 3588 ¹
269 3566 315 3642 git
332 3580 359 3619 at
374 3565 573 3639 interpretatur,
585 3567 640 3621 sio:
659 3566 735 3618 unda
749 3567 871 3618 mxima
886 3565 996 3639 lymplr.
1010 3585 1080 3620 sacr.
1092 3569 1153 3621 Bai.
1167 3585 1304 3643 praestans,

270 3650 411 3728 praeclara
429 3671 515 3723 pars.
527 3668 644 3725 propter
657 3670 742 3730 aquas
756 3651 783 3704 b.
797 3651 890 3707 fontes
908 3671 974 3709 euos
987 3653 1126 3721 salubres,
1151 3673 1222 3730 quos
1238 3656 1305 3728 lym-

178 3776 180 3782 ,
222 3789 226 3804 Ι
268 3739 341 3814 phas
359 3740 493 3793 Baiarum
515 3737 635 3810 appellat
657 3760 672 3794 a
692 3736 892 3795 similitudine.
933 3738 1011 3805 Alii,
1042 3758 1077 3797 ut
1094 3741 1258 3797 Boissouad.
1279 3737 1305 3795 td

271 3829 356 3901 Gr'eg.
367 3826 436 3883 Cor.
451 3845 480 3898 p.
491 3837 547 3890 113.
565 3823 631 3878 Sclt.
648 3822 837 3880 etWeiobert.
855 3826 890 3880 ad
899 3828 999 3901 Pomp.
1009 3825 1078 3884 mal.
1091 3847 1119 3904 p.
1133 3829 1198 3884 XII.
1213 3823 1304 3901 supetl.

268 3933 325 3989 pro
341 3912 541 3986 comparativo
552 3912 682 3984 positum
700 3928 758 3965 assa
772 3909 889 3980 volunt,
913 3913 947 3968 in
960 3931 1045 3968 usum
1056 3910 1220 3972 adhibentes
1232 3914 1305 3968 Grec·

231 4049 235 4057 ,
270 4017 369 4054 corum
388 4014 518 4062 moram,
546 4017 631 4072 quem
651 3996 754 4056 illustr,
769 3999 866 4053 Herm.
880 3999 915 4053 ed
926 3999 991 4074 Vig.
1003 4009 1100 4074 p.718.
1114 3998 1158 4054 ed.
1174 4017 1242 4056 nov.
1251 3989 1303 4061 elli.

255 4099 339 4160 ‚quos
359 4083 522 4140 nominavit
544 4083 650 4139 Matth.
675 4084 894 4158 Gr.gr.p.641.
929 4089 1027 4160 Itaque
1046 4105 1120 4144 max.
1140 4104 1191 4160 pro
1212 4086 1302 4145 maior,

220 4197 222 4204 ι
265 4171 456 4250 praestantior¹
476 4168 628 4246 accipiunt.
664 4169 856 4249 Haerentem
869 4170 942 4249 ratio
957 4188 991 4230 ut
1003 4174 1095 4249 possit
1107 4171 1183 4250 apud
1195 4173 1304 4234 Lamos
