2782 5078
329 1028 845 1153 rraeilvu

114 1203 1105 1346 ,ὅΑΒ(ιιιηιᾱΕΝᾞυῑνπ. ι

475 1346 684 1365 m

17 1441 18 1444 Ἴ
85 1409 244 1540 Messala
271 1456 368 1516 rebus
393 1458 429 1516 in
455 1458 547 1535 nevis
573 1455 798 1515 Romanorum
824 1454 997 1534 provinciis
1023 1472 1115 1534 prae·

81 1578 152 1637 clare
186 1577 299 1658 gestis
319 1590 489 1658 postquam
524 1597 564 1638 ex
596 1575 672 1636 Asia
704 1594 852 1635 reversus
889 1587 956 1636 erat
989 1576 1025 1636 in
1053 1575 1114 1635 Ur-

81 1697 158 1774 bem,
184 1696 453 1778 triumphum·de
477 1697 647 1778 Aquitanis
670 1694 784 1776 agebat
807 1693 1114 1776 splendidissimum.

81 1819 167 1881 Brevi
191 1834 266 1880 tum
291 1821 447 1900 temporis
474 1820 577 1900 spatio
604 1815 780 1897 interlapso
809 1835 911 1898 quum
938 1814 1005 1877 dies
1026 1831 1116 1878 nata·

79 1939 113 2001 lis
144 1944 211 2002 eius
239 1940 479 2018 celebrabatur,
533 1939 619 2000 hanc
645 1959 709 2013 suo¹
731 1941 836 2000 amico
862 1931 1025 2020 inscrip'sit
1051 1939 1117 2002 elea

78 2063 151 2141 giam
175 2063 300 2122 Albius.
353 2059 488 2121 Indictis
513 2063 659 2142 primum
685 2059 844 2120 natalibus
870 2071 1054 2140 opportune
1077 2059 1118 2120 ad

76 2179 221 2242 Messalae
248 2183 412 2256 victorias,
449 2181 695 2262 multarumque
722 2171 897 2260 regionum
918 2171 1037 2241 'laudes
1055 2173 1118 2244 'ce-

75 2301 230 2364 lebrandas
259 2304 410 2364 excurrit.
463 2303 493 2362 Α
519 2272 615 2364 rebus
642 2302 679 2362 in
700 2300 878 2382 Aquitania
908 2317 1056 2366 1-12.
1072 2315 1119 2364 ret

78 2419 203 2484 Oriente
239 2424 334 2504 gestis
360 2455 413 2468 —-
440 2439 499 2487 20.
531 2423 571 2482 ad
595 2421 706 2482 laudes
732 2423 769 2480 in
796 2419 946 2502 Aegypto
974 2423 1118 2511 ipsipa·

74 2556 148 2604 ratas
174 2546 287 2604 transit
313 2577 365 2588 -
392 2558 441 2624 27
471 2558 503 2603 et
528 2547 566 2605 in
591 2541 769 2617 beneficia,
799 2541 916 2622 quibus
947 2541 1049 2605 Osiris
1077 2546 1118 2622 rie

16 2671 18 2678 '
75 2666 134 2724 vita
160 2663 396 2746 Aegyptiorum
423 2663 508 2725 bene
534 2665 711 2738 meruerit,
738 2662 953 2722 memoranda
978 2664 1119 2752 ¹digredi-

76 2796 122 2844 tur
145 2819 198 2829 -
225 2769 285 2862 48.
336 2783 499 2865 'Denique
532 2785 640 2866 ipsum
667 2779 858 2860 Messalam,
898 2795 937 2844 ut
969 2784 1061 2872 festis
1088 2803 1121 2850 et

77 2907 163 2966 sacris
197 2905 387 2985 peragendis
424 2917 500 2966 cum'
528 2905 635 2966 Genio
661 2923 811 2985 praesens
838 2904 897 2977 sit,
949 2919 1043 2964 vocat
1069 2938 1121 2959 .-

78 3039 129 3104 54.
165 3025 346 3108 desinitque
380 3029 417 3088 in
451 3027 534 3087 votis
567 3045 627 3105 pro
661 3023 750 3084 illius
785 3023 922 3102 posteris
957 3035 990 3112 et
1017 3023 1120 3105 gloria

76 3145 239 3213 faciundis.
358 3131 360 3140 Α

171 3266 224 3358 Asi
245 3286 361 3348 ·quem
389 3266 539 3348 ‘quidem
579 3283 703 3326 annum
736 3261 800 3324 hoc
834 3263 876 3324 sit
909 3263 1123 3332 referendum

77 3405 220 3462 carmen,
276 3408 294 3448 e
320 3389 503 3449 rationibus
539 3385 703 3448 historicis
737 3380 833 3444 facile
870 3385 977 3447 evinci
1001 3402 1120 3469 potest.
1201 3472 1203 3480 J

74 3505 119 3566 Ex
145 3507 222 3568 Asia
248 3501 380 3588 a.1727¹
410 3509 548 3568 Romam
579 3505 891 3566 reversus'Messala
916 3506 1123 3590 triumphum

75 3625 111 3686 de
137 3627 306 3706 Aquitanis
335 3628 421 3708 egit·
464 3627 561 3687 Brevi
587 3638 660 3706 post
687 3638 835 3706 tempore
863 3623 1008 3688 eiusdem
1033 3644 1123 3715 nata-

74 3747 111 3808 lis
138 3748 263 3808 venisse
291 3748 479 3830 cogitandus
509 3760 575 3823 est,
605 3763 707 3827 quum
730 3715 883 3806 Tibullus
910 3749 946 3808 in
972 3749 1036 3810 hoc
1057 3771 1124 3812 car-

73 3871 176 3944 mine,
213 3869 299 3950 quod
324 3871 360 3930 in
386 3869 482 3930 illum
509 3868 598 3929 diem
624 3867 768 3947 scripsit,
796 3868 957 3947 triumphi
981 3889 1049 3932 uon
1075 3874 1123 3932 ita

72 3990 214 4049 multum
250 4002 326 4049 ante
363 3991 426 4050 acti
458 3990 663 4052 mentionem
696 3987 801 4050 faciat.
870 3984 988 4046 Eidem
1021 3989 1124 4070 igitur

16 4173 17 4184 ¹
75 4108 124 4170 illi
151 4081 257 4184 annu,
310 4124 406 4191 727,
455 4124 605 4175 nostrum
633 4127 763 4172 carmen
789 4126 857 4173 esse
884 4103 1042 4188 dandum,
1090 4113 1129 4174 in

76 4230 213 4310 proclivi
241 4243 288 4291 est
314 4230 450 4296 videres
698 4219 701 4223 ¹
1065 4227 1067 4240 ’
