2824 5068
638 968 667 1030 ἢ

412 1050 1293 1200 vrrarrauaaa's

546 1282 626 1356 ,Γ
725 1301 741 1314 ..

251 1527 332 1613 Etsi
354 1540 492 1628 quidem
508 1539 626 1618 Albius
649 1563 691 1606 ex
710 1540 754 1606 iis
773 1564 846 1608 non
867 1563 939 1610 csse
959 1537 1095 1608 videtur
1113 1539 1239 1630 po'e'tis,
1260 1540 1299 1608 in

250 1683 397 1748 quorum
422 1660 577 1728 animum
599 1673 633 1728 et
655 1660 812 1750 genium,
833 1673 873 1728 ut
895 1660 945 1728 ita
971 1660 1100 1745 dicam,
1120 1661 1311 1749 poblicum·

251 1779 399 1845 conditio
409 1793 614 1870 .temporum
633 1782 842 1869 singularem
855 1779 1026 1870 quandam
1043 1781 1113 1847 vim
1129 1779 1299 1865 babuerit,

251 1911 455 1968 nontamen
477 1925 497 1968 a
520 1925 558 1968 re
579 1901 837 1974 alienummihi
857 1901 969 1970 visum
977 1971 983 1996 Δ,
991 1913 1055 1984 est,
1078 1901 1239 1966 brevibus
1251 1901 1299 1966 li-

254 1995 443 2088 neamcntis
464 2021 651 2087 describere
674 2020 862 2116 Tibulliani
883 2022 961 2088 aevi
985 2020 1172 2087 historiam.
1216 2020 1298 2112 Quo

255 2137 392 2226 quidem
415 2138 503 2220 facte
518 2139 623 2228 ipsius
640 2139 845 2208 carminibus
861 2142 1070 2228 singulisque
1084 2165 1201 2208 eorum
1218 2166 1301 2210 sen-

243 2257 368 2329 ·tentiis
383 2259 563 2323 clariorem
580 2261 750 2345 quandam
764 2249 877 2328 lucem
891 2261 1037 2328 affusum
1049 2260 1093 2326 iri
1105 2286 1214 2352 spero.

178 2384 183 2393 '
209 2419 234 2464 ιχ
341 2379 474 2445 Floruit
487 2377 590 2465 igitur
603 2381 645 2444 T.
662 2379 750 2446 circa
765 2403 840 2446 eam
854 2393 1010 2460 aetatem,
1033 2403 1120 2468 quae
1133 2408 1202 2449 non
1219 2397 1302 2452 tan-

251 2510 328 2565 tum
349 2498 554 2588 reipublicae
567 2497 761 2582 interitum,
783 2501 841 2566 sed
858 2512 891 2566 et
904 2499 1116 2591 Principatus
1131 2499 1227 2571 initia
1242 2505 1301 2575 vi-
1389 2540 1392 2546 ·

253 2617 312 2686 dit.
356 2619 443 2684 Iulio
468 2620 629 2703 Caesare,
651 2621 699 2686 Μ.
713 2621 820 2687 Bruto
846 2598 879 2686 eb
904 2619 942 2686 C.
956 2621 1070 2686 Cassio
1092 2626 1298 2710 auctoribus,

197 2771 201 2793 1
251 2737 434 2804 interemto
456 2742 534 2828 (709
557 2765 588 2806 a.
610 2765 647 2806 u.
670 2724 737 2823 ci),
759 2761 866 2826 quum
891 2739 930 2806 C.
947 2740 1104 2807 Octavius
1112 2739 1302 2824 ,Caesaris
1363 2799 1367 2806 .

251 2879 431 2946 estcrore
446 2861 533 2926 Iulia
548 2884 669 2950 nepos,
692 2861 837 2926 Romam
853 2858 1060 2944 advenisset,
1082 2873 1134 2943 et,
1156 2863 1302 2932 simula-

237 2957 240 2962 .
253 2979 298 3044 tis
313 2978 419 3047 animi
434 2961 613 3047 virtutibus
629 2983 664 3046 in
677 2980 911 3046 Romanorum
925 2979 1072 3066 gratiam
1086 3005 1124 3047 ac
1140 2979 1300 3056 favorem

231 3119 288 3191 ¹ae
308 3097 527 3182 insinuasset,
557 3100 711 3166 omnibus
730 3099 759 3164 i's
780 3099 875 3166 ‘visus
890 3107 961 3184 cst,
983 3123 1046 3188 per
1061 3123 1164 3188 quem
1178 3125 1300 3193 respu-

253 3215 342 3283 blica
364 3217 461 3284 bellis
482 3219 635 3287 civilibus
657 3217 860 3284 labefactata
875 3219 1029 3306 reparari
1044 3235 1168 3306 posset.
1211 3225 1303 3293 Hinc·

254 3336 396 3404 Senatus
427 3339 562 3404 decreta
581 3339 758 3422 iuvenem,
797 3334 856 3425 qui
877 3337 937 3402 vix
957 3339 1302 3426 vigesimum-aetatis

200 3506 204 3510 -
254 3465 385 3524 annum
408 3457 545 3545 agebat,
575 3457 617 3522 ad
641 3433 773 3522 altiores
788 3455 958 3526 honorum
972 3461 1097 3546 gradus
1112 3484 1306 3550 promove-2

252 3590 346 3644 runt.
364 3585 388 3655 ¹)
430 3579 496 3644 Pro
512 3581 673 3646 Praetura
690 3597 761 3643 una
785 3599 862 3642 cum
879 3577 991 3645 Hirtio
1014 3591 1048 3644 ct
1060 3579 1169 3647 Pansa
1192 3607 1299 3673 conss.

239 3710 369 3764 ‘contra
390 3695 598 3781 Antonium,
637 3695 698 3788 qui
717 3698 759 3764 D.
782 3699 929 3766 Brutum
952 3699 1107 3766 Mutinae
1127 3700 1299 3776 obsessum

324 3959 350 4026 ι)
369 3977 396 4012 v.
413 3956 567 4020 Vellei.11‚
586 3955 626 4008 6ι-.
641 3962 671 4009 et
686 3935 730 4022 fic,
748 3956 798 4010 uhi
809 3955 882 4010 haec
895 3957 1045 4028 leguntur:
1066 3959 1209 4030 „0mnia,
1229 3973 1299 4020 ante

141 4097 149 4108 ,
182 4045 185 4050 ’
253 4063 340 4117 quem
355 4045 504 4114 fugeretur
514 4041 666 4106 Antonius,
681 4040 842 4114 honorifice
859 4061 877 4098 a
891 4053 993 4100 senatu
1006 4047 1203 4106 incesseram
1218 4068 1313 4107 exer«

251 4134 398 4206 deumque
415 4130 474 4188 eius
489 4128 606 4185 decreta
619 4135 702 4198 eunt,
720 4129 846 4186 maume
860 4139 979 4204 auctore
994 4132 1172 4212 Cicerone-‘⁴⁴
