2824 5068
101 530 152 606 Et,
194 529 278 592 mala
305 531 333 590 si
359 549 422 610 qua
448 530 508 592 tibi
535 531 806 598 dixit'dementia
830 551 948 620 nostra,

194 633 363 714 ignoscass
410 635 508 714 capiti
533 638 615 711 sint,
656 657 787 719 precor,
829 637 886 701 illa
912 662 996 708 meo.

102 733 147 798 Te
171 737 356 796 meminisse
383 733 493 812 decet',
537 759 621 820 quae
646 741 786 822 plurima
812 765 892 805 voce
917 749 1029 830 peregi
1103 797 1110 806 .

131 911 134 920 ¹
195 837 367 918 supplice,
413 859 514 920 quum
538 845 623 924 posti
649 845 749 906 florea
776 861 861 908 serta
887 849 1036 915 danem.-
1090 833 1095 857 ι

105 941 151 1002 Tu
177 963 307 1023 quoque
332 959 376 1002 ne
402 944 516 1040 timide
543 947 706 1024 custodes,
747 950 862 1026 Delia,
903 953 996 1026 falle3
1091 973 1137 1042 15

196 1043 394 1106 Audendum
421 1051 483 1108 est!
527 1047 627 1138 fortes
654 1051 783 1116 adiuvat
807 1057 876 1137 ipsa
902 1055 1023 1121 Venus.

93 1209 295 1230 hd———fl

98 1334 180 1406 Quam
203 1353 270 1420 vere
286 1327 343 1390 hoo
362 1329 580 1414 pronuntiatum
600 1339 651 1410 tit,
685 1336 830 1401 docebunt
846 1337 986 1420 exempla.
1020 1348 1135 1422 Quibus

97 1421 206 1494 quidem
231 1419 401 1496 diligentius
422 1425 562 1492 excussit,
589 1445 678 1500 quum
698 1448 795 1486 veram
814 1432 877 1487 vim
891 1447 919 1487 et
930 1433 1057 1488 indolem
1072 1455 1134 1492 mc·

81 1501 83 1508 ’
95 1507 193 1560 dorum
206 1503 438 1582 perpenderimus
445 1533 460 1576 ,¹
472 1511 540 1566 haec
552 1507 637 1566 statui
649 1529 784 1587 poterunt
795 1511 929 1575 certiora:
948 1527 1065 1594 Inmerf,
1074 1528 1133 1586 ind.

93 1612 147 1647 rem
171 1593 233 1649 tiva
248 1595 391 1650 actionem
403 1596 559 1672 significat,
587 1618 657 1672 quae
672 1615 782 1656 certum
795 1602 934 1676 temporie
947 1607 1069 1684 spatium
1083 1611 1134 1665 du·

94 1695 131 1733 rat
141 1699 232 1754 neque
246 1681 407 1738 intermissa
421 1685 578 1758 cogitatur,
597 1683 638 1737 ita
652 1698 685 1738 ut
695 1702 768 1758 pert.
784 1707 865 1759 quum
878 1691 1058 1765 interpretari
1070 1713 1135 1770 pos.

20 1747 31 1838 l
93 1763 191 1822 timus:
211 1785 243 1820 so
257 1765 341 1842 lange
354 1767 401 1823 als.
437 1770 901 1842 Impficonisemsiveactionern
919 1778 1133 1857 declarat‚quee
1173 1833 1175 1836 .

91 1850 226 1906 incertum
249 1855 386 1930 temporis
406 1871 587 1911 momentum
606 1857 709 1913 durana
724 1858 853 1934 hancque
866 1862 904 1916 ob
917 1883 1040 1922 caussam
1055 1889 1132 1926 nunc

88 1936 238 1992 intermitti
252 1960 330 1994 nnnc
344 1939 441 1994 iterari
454 1943 608 2017 cogitatum
636 1964 716 2015 quum
729 1966 817 2020 germ.
833 1964 941 2008 vertare
967 1972 998 2008 so
1014 1955 1058 2010 oft
1069 1955 1130 2024 als3

90 2025 170 2080 etiam
192 2025 391 2082 circumscribi
411 2043 504 2102 potest
516 2048 568 2102 par
584 2031 682 2086 solere.
717 2035 793 2087 Bene
804 2034 896 2106 igitur
908 2040 982 2092 coni.
998 2039 1026 2096 h.
1039 2039 1058 2095 l.
1074 2061 1132 2114 po-

86 2112 165 2166 titua.
216 2113 393 2168 Indieativus
422 2115 498 2168 enim
520 2115 670 2171 Tibullum
697 2117 785 2172 semel
809 2138 993 2178 coronantem
1013 2126 1127 2188 facerat.

87 2199 178 2272 Aeque
192 2199 305 2274 integer
320 2215 362 2254 ett
374 2201 453 2255 locus
465 2205 493 2266 Ι,
519 2217 566 2268 10,
589 2202 628 2258 16.
646 2203 679 2256 cf.
695 2205 766 2258 Aen·
780 2207 796 2258 1
804 2244 812 2271 ,
833 2205 891 2273 651.
910 2210 965 2275 IV,
985 2219 1044 2284 409.
1080 2215 1128 2278 De

88 2283 194 2340 indicata
218 2286 279 2342 rid.
299 2291 329 2356 1,
364 2305 412 2353 10,
442 2297 468 2354 7.
487 2287 544 2354 ubi¹
560 2308 590 2343 v.
611 2292 746 2344 adstabat
758 2310 882 2361 morem,
910 2293 1128 2370 faginopoculu

87 2372 198 2436 utendi,
224 2393 277 2446 per
296 2389 415 2430 eertum.
429 2373 567 2446 temporis
582 2373 704 2446 spetimn
718 2377 866 2434 durantem
882 2399 974 2453 neque
987 2381 1132 2438 intermit-

83 2475 147 2512 smn
166 2475 263 2529 notat,
288 2460 322 2514 cl.
335 2460 408 2514 ibid.
422 2476 467 2518 πο.
481 2463 550 2514 Aen.
566 2463 623 2526 lv,
642 2461 704 2534 596.
744 2469 811 2518 Tum
823 2469 930 2529 decuit,
956 2485 1130 2542 quumscep·

84 2553 128 2596 tra
149 2549 246 2600 dabat.
284 2548 343 2604 Ov.
367 2551 486 2610 Hor-i,
513 2559 586 2620 fiaq.
623 2551 773 2603 Ominum
792 2561 873 2617 tuno,
896 2573 978 2624 quum
988 2559 1131 2612 Lacedae-

85 2649 165 2684 mona
188 2633 279 2687 clarae
297 2635 428 2706 petebat,
455 2635 575 2689 Obrutus
595 2633 706 2688 insanis
725 2647 799 2688 esset
817 2639 927 2691 adulter
939 2645 1030 2713 cquis.
1052 2641 1129 2700 'Cim

85 2714 117 2768 de
132 2717 191 2774 Off.
209 2722 253 2772 111
258 2761 278 2788 ,.
292 2730 335 2786 4ο.
372 2725 435 2774 Cum
457 2723 596 2778 Collatino
616 2725 765 2796 Tarquinio
789 2725 909 2796 collegae
922 2730 1028 2778 Brutus
1041 2729 1130 2797 impe*-

85 2804 152 2855 rium
171 2805 343 2876 abrogabat,
361 2801 476 2878 poterat
489 2815 581 2864 videri
598 2815 629 2864 id
635 2810 734 2880 jacere
752 2810 864 2865 iniuste.
901 2810 989 2880 Quia,
1016 2817 1127 2884 quaeso,

85 2888 115 2942 in
131 2889 179 2944 his
200 2889 273 2945 locis
287 2891 322 2946 de
335 2912 365 2948 re
377 2894 520 2950 incertum
534 2911 646 2968 tempus
661 2894 780 2948 durante
792 2893 852 2949 tiva
864 2893 982 2968 repetita
995 2896 1126 2968 cogitet?

153 3007 195 3064 15.
223 2999 333 3066 (ineque
346 2997 519 3064 cavendnm,
542 2995 678 3052 neverbo
687 2995 889 3069 salleiungas.
924 2995 1079 3050 Neminem
1093 2997 1129 3052 ad

85 3078 242 3134 lallandum
262 3081 390 3136 hortatus
412 3099 479 3140 erat.
516 3080 748 3161 Eruperioribus
761 3079 869 3134 subint.
908 3087 945 3134 Te
960 3085 1130 3154 quoqneob.

87 3177 188 3232 testor,
213 3187 248 3220 ne
263 3197 279 3208 -
288 3168 375 3238 salle.
410 3169 539 3226 Eandem
554 3168 612 3222 fare
625 3165 738 3240 ellipsin
752 3171 882 3222 observet
896 3170 940 3234 11,
967 3187 999 3234 a,
1020 3185 1061 3224 ιιι
1075 3167 1128 3226 ubi

86 3254 156 3328 «apt
191 3253 238 3308 Ad
252 3273 307 3310 voa
317 3273 432 3330 quoque
442 3255 572 3330 rogando
585 3275 633 3317 mo
648 3267 795 3310 converto.
811 3252 846 3306 ol.
861 3253 973 3309 Wund.

154 3369 195 3422 17.
215 3360 360 3423 iuvenum,
385 3373 418 3413 nt
429 3357 603 3412 dissonantia
615 3353 679 3428 syll.
694 3359 811 3427 quis-is
824 3356 975 3420 vitaretur,
994 3359 1032 3411 H.
1044 3360 1129 3419 Voces

85 3443 190 3517 recepit
210 3443 326 3496 credens
342 3443 449 3510 Statio,
473 3444 505 3500 iu
524 3444 632 3498 multis·
644 3439 715 3496 libb.
732 3441 791 3497 hoc
804 3459 864 3495 etse
879 3442 1029 3500 nuntianti.
1064 3445 1130 3500 Ne·-

86 3547 131 3605 gat
144 3529 299 3584 Sentenius.
334 3532 372 3584 Et
393 3549 484 3602 quum
506 3527 712 3584 difficillimum
734 3527 771 3582 sit
788 3526 928 3592 iudicare,
959 3527 1030 3600 quid
1047 3543 1130 3583 veto·

86 3637 149 3672 rum
168 3614 286 3670 auribus
312 3613 421 3690 elegans
445 3615 493 3672 val
511 3615 668 3692 elegantius
684 3611 787 3678 luerit,
811 3629 896 3688 vagas
911 3627 995 3686 atque
1008 3614 1130 3670 incertae

88 3703 297 3758 emendationes
311 3719 369 3756 esse
381 3720 425 3756 eas
436 3719 521 3776 puto,
534 3721 610 3776 ,quae
623 3697 721 3755 studio
737 3692 852 3754 auribus
866 3698 998 3774 placendi
1013 3699 1130 3753 debean·

88 3787 232 3854 tuncfil,
260 3795 295 3856 33
314 3803 357 3842 21.
371 3787 416 3854 ibi
427 3789 539 3848 Wund.
554 3805 582 3843 at
593 3777 725 3844 Huscltls.
742 3787 773 3850 Ι,
792 3783 822 3850 6,
842 3783 927 3857 59.lI
936 3824 944 3852 ,
963 3799 996 3852 5,
1013 3797 1057 3852 55.
1071 3783 1129 3840 Ov.

86 3875 160 3930 Pasa
175 3877 232 3942 Vl,
258 3884 318 3942 751.
331 3875 401 3928 Her.
415 3875 504 3943 XIII,
531 3875 574 3943 65.
609 3872 729 3930 Accedit
742 3869 793 3924 alia
809 3870 926 3944 insuper
940 3887 1061 3932 caussa,
1079 3887 1131 3924 cur

86 3961 166 4034 vulg.
178 3965 288 4032 iuvenis
308 3960 452 4016 veriorem
475 3959 628 4016 habeamus
647 3957 808 4013 lectionem.
847 3959 915 4028 Quis
931 3973 953 4009 a.
968 3956 1071 4024 aliquis
1084 3973 1130 4010 se-

87 4047 214 4102 cundum
236 4066 336 4108 casum*
352 4047 503 4114 adsciscit,
528 4064 619 4118 quum
637 4043 699 4098 illie
710 4061 791 4119 prou.
806 4043 890 4097 notio
903 4039 1058 4094 dividendi
1072 4061 1130 4100 nu-

86 4152 164 4191 mero
179 4133 244 4191 aire
253 4131 382 4208 partibus
394 4131 591 4206 distinguendi
604 4131 692 4195 inestr
708 4146 777 4216 uno
791 4144 883 4186 autem
895 4127 1053 4204 eodemque
1063 4147 1131 4188 casu
1190 4135 1199 4198 ,“

726 4229 754 4293 B
785 4299 786 4304 ¹
881 4317 882 4324 ,
