2742 5070
36 541 97 604 Non
121 557 179 620 ego
206 535 398 598 crediderim
423 523 506 597 votis
533 535 693 596 contraria
718 549 802 610 vota,

107 643 187 709 ,Nec
211 654 338 702 tantum
365 642 488 702 crimen
514 639 638 720 pectori
662 641 769 700 inesse
794 637 862 700 tiro.
925 629 931 646 '¹

37 747 104 808 Nam
128 759 161 806 te
185 765 255 806 non
281 746 359 804 vasti
385 754 570 824 genuerunt
596 761 735 824 aequora
759 744 864 823 ponti,
1009 753 1056 826 35

118 849 191 908 Nec·
208 839 377 908 flammam
404 845 533 905 volvens
560 863 617 906 ore
644 845 819 908 Chimaera
843 847 926 923 iero,

35 953 88 1013 Nec
112 953 348 1031 consanguinea
372 948 541 1010 redimitus
567 962 660 1030 terga
686 964 820 1022 caterva,
866 929 869 946 ¹

119 1055 180 1115 Cui
205 1067 272 1113 trer
299 1045 375 1113 sunt
398 1052 530 1131 linguae
556 1053 840 1134 tergeminumque
867 1068 971 1136 caput,

35 1155 158 1238 Scyllave
183 1157 365 1238 virgineam
392 1156 521 1228 canibus
548 1157 708 1216 succincta
733 1151 890 1238 figuram3

118 1261 244 1321 Necte
272 1271 461 1340 conceptam
487 1277 580 1318 saeva
605 1259 719 1320 leaena
744 1259 831 1335 tulit,
916 1277 920 1287 ¹
1008 1279 1056 1345 90

36 1363 243 1424 barbaranae
271 1363 421 1444 Scythiae
447 1361 575 1436 tellus,
602 1361 804 1422 horrendaue
831 1361 953 1452 Syrtist

118 1465 180 1527 Sed
207 1466 313 1543 culta,
354 1479 387 1526 et
413 1465 501 1525 duris
527 1482 597 1525 non
621 1464 795 1527 habitanda
822 1465 946 1542 domus,

88 1753 128 1810 81.
146 1759 267 1816 corpore
286 1739 482 1817 plurimorum
501 1735 577 1794 libb.
589 1736 758 1814 scripturam
772 1757 808 1796 ex
821 1739 864 1798 ed.
878 1761 921 1818 pr.
937 1741 1060 1820 aliisque

37 1843 83 1882 rute
103 1830 198 1904 scalig.
218 1829 367 1884 revocavi.
384 1827 470 1902 Vulg.
488 1841 603 1899 pectore
623 1825 769 1900 diaph'cet,
796 1847 885 1903 quum
898 1843 1015 1902 pectora
1028 1852 1058 1888 v.

36 1915 68 1977 76.
85 1930 109 1969 et
126 1920 234 1987 pectori
254 1935 283 1970 v.
298 1926 340 1984 84.
361 1929 517 1970 recurrant.
552 1914 674 1975 Nostrae
688 1916 879 1987 patrocinatur
893 1917 1006 1972 Lotich.
1021 1922 1060 1986 ΙΙ,
1106 1905 1115 1935 ''
1139 1927 1141 1932 ’

39 2008 61 2066 4,
75 2016 112 2063 72.
138 2008 264 2074 Corpore
280 2001 399 2072 defluxit
413 2021 542 2068 somnus,
562 2013 589 2054 et
604 2010 666 2054 orta
678 2000 744 2054 dies.
760 2017 787 2054 et
801 2001 946 2058 Zanchius
959 2007 1001 2064 VI
1007 2042 1015 2068 ,
1036 2025 1059 2060 r.

41 2085 113 2161 Quum
132 2089 199 2142 miti
219 2089 355 2142 iucundus
375 2089 494 2159 defluxit
515 2105 631 2160 corpore
651 2105 771 2142 somnus.
812 2089 974 2163 Utrumque
996 2109 1061 2146 voc.

38 2174 125 2246 asapius
144 2170 309 2230 confusum.
329 2173 543 2238 1101111164,
566 2187 609 2246 92.
631 2191 748 2242 corpore
766 2191 925 2247 agnoscunt
942 2188 959 2244 5
976 2177 1061 2234 codd.

38 2257 136 2333 Piutriu
151 2260 221 2318 bibl.
235 2262 370 2314 Laurent.
387 2258 572 2322 etRiccarnjd
594 2255 634 2332 pl.
648 2257 707 2312 alii.
721 2258 757 2315 of.
774 2261 830 2318 Ov.
848 2264 923 2321 Fert.
937 2267 966 2316 11
973 2275 1061 2332 „2527

38 2346 92 2402 Met.
111 2349 164 2412 Vt,
189 2358 252 2422 489.
275 2342 380 2402 Druck.
399 2345 434 2401 ad
452 2345 501 2400 Sit.
522 2345 607 2411 XVI,
634 2353 693 2416 479
723 2345 776 2402 Ad
794 2364 882 2404 nottr·
900 2350 1060 2428 facitVirg.

38 2431 87 2486 eut.
99 2447 206 2503 205.-
171 2437 345 2488 rntrautt
357 2435 448 2488 lector
462 2451 514 2502 per
527 2450 648 2502 corpora
661 2448 783 2488 somnus
1089 2477 1090 2484 ,
1112 2443 1113 2450 ’

90 2529 172 2595 4524.
193 2523 331 2593 Norrago
347 2521 418 2574 cred.
434 2520 469 2573 ad
483 2517 568 2594 Augl.
585 2521 635 2582 A,
655 2521 714 2572 duo
727 2522 812 2583 Stat.
830 2521 952 2588 Thuan.‚
972 2521 1061 2579 Goth.

39 2620 91 2658 cum
109 2610 145 2662 Η.
160 2609 284 2676 Verrio,
308 2601 404 2682 Heyn.
421 2606 547 2671 favente,
572 2603 696 2679 reposui.
731 2605 843 2658 Eodem
864 2609 973 2664 ducunt
987 2611 1064 2664 Haeo

39 2710 80 2761 ego
94 2693 121 2747 in
137 2685 218 2752 Colb.
241 2710 269 2750 et
282 2695 342 2748 Nec
357 2713 410 2767 ego
425 2695 522 2765 Boua.
534 2688 615 2764 vulg.
632 2691 693 2744 Nec
705 2690 758 2744 tibi
772 2690 867 2746 turbat
880 2709 1061 2750 structuram.

37 2782 129 2847 pectori
150 2799 268 2838 tuentur
287 2779 374 2856 Angl.
398 2779 502 2843 c.1).,
528 2772 621 2832 Berol.
642 2785 668 2843 4.
690 2776 811 2843 Hamb.,
838 2779 931 2834 Guelf.
950 2801 974 2835 r.
998 2777 1063 2844 aliie

38 2863 95 2932 Stel.
102 2867 258 2932 ‚.Broulsh
270 2869 363 2930 Voss,
379 2867 479 2918 Bauer
494 2861 582 2938 Vulg.
595 2874 708 2932 pectore
721 2885 773 2918 vix
785 2880 849 2938 apta
861 2864 977 2919 verbo
966 2885 1064 2919 messe.

92 2963 131 3021 85.
150 2974 207 3008 non
226 2971 281 3028 pro
301 2950 381 3026 vulg.
400 2970 449 3003 nec
470 2970 485 3004 e
505 2947 576 3004 libb.
598 2947 681 3004 Colb.
703 2966 732 3007 at
746 2951 859 3008 Thura.
877 2969 944 3006 cum
958 2950 1064 3038 Vosaio

29 3033 154 3108 41111141,
173 3059 209 3096 ne
228 3037 376 3094 fastidiose
389 3049 562 3110 repeteretur
575 3055 631 3088 nec.

94 3135 133 3192 37.
153 3146 227 3183 cons.
249 3125 284 3179 ad
302 3123 378 3198 plur.
398 3122 469 3186 libb.
493 3123 578 3179 etiarn
598 3125 665 3178 Zw.
680 3135 705 3178 2.
722 3136 749 3176 et
765 3124 827 3179 Ber.
842 3138 867 3182 2.
889 3101 976 3179 fideus
997 3143 1066 3180 cum

39 3207 152 3266 Broulrh.
167 3212 326 3287 ceterisque
339 3226 455 3266 recentt.
467 3211 589 3267 servavi.
597 3211 634 3263 H.
643 3211 723 3270 Voss.
740 3209 847 3267 exaliie
863 3211 946 3265 codd.
961 3226 988 3279 et
1001 3211 1066 3269 edd.

39 3309 96 3350 vett.
112 3297 272 3356 revocavit:
299 3299 375 3352 canis
394 3299 544 3369 anguinea.
579 3295 635 3352 Sed
654 3295 745 3351 forma
757 3300 913 3369 anguineus
929 3314 1065 3372 suspecta,

38 3395 115 3455 nequa
134 3385 271 3461 exemplie
289 3384 405 3463 probari
423 3398 519 3458 potett
540 3401 572 3436 ao
592 3380 763 3438 confirmari.
800 3389 858 3438 Iam
880 3382 990 3438 dudum
1005 3383 1068 3439 viri
1157 3427 1161 3436 .

41 3463 106 3521 docti
125 3469 205 3526 illam
227 3488 425 3536 correxerunt,
449 3491 479 3526 v.
491 3474 574 3544 Prop.
589 3473 647 3536 tv,
672 3479 705 3537 8,
720 3488 772 3524 «ιο.
788 3469 846 3528 Or.
858 3469 946 3525 Trist.
963 3473 1020 3536 IV,
1039 3471 1065 3538 7,

40 3565 74 3604 12·
105 3558 212 3614 tacu.
225 3559 274 3626 64,
299 3571 357 3632 195.
379 3578 414 3615 ex
433 3555 600 3612 melioribus
621 3553 694 3610 libb.
707 3559 742 3610 Is.
755 3556 858 3614 Vossio
879 3554 1070 3630 praecipiente

39 3645 151 3720 anguino
170 3643 262 3718 recipi
282 3642 409 3698 debebat.
430 3649 509 3698 Gens.
527 3656 639 3698 caterva
656 3637 796 3714 exquisite
810 3643 946 3701 dicuntur
958 3661 1068 3715 serpen·

40 3734 74 3777 tea
95 3729 217 3786 Cerbero
241 3729 440 3798 adhaerentes,
477 3731 542 3805 quia
563 3728 701 3784 Cerberus
729 3728 789 3802 ipsa
817 3749 852 3784 ex
871 3729 1015 3804 Typhona
1040 3743 1069 3785 et

40 3809 157 3870 Echidna
174 3833 271 3882 natus,
295 3815 388 3890 igitur
410 3833 550 3891 serpentes
571 3816 598 3870 ei
615 3816 712 3872 fratres
733 3832 820 3871 eraut.
855 3817 902 3869 Ad
916 3813 1068 3870 totum'lo-

41 3911 98 3951 tum
116 3913 240 3978 35-92.
249 3901 417 3974 'comparari
436 3917 528 3976 potest
548 3901 609 3956 Cat.
623 3903 675 3974 64
701 3901 840 3979 154-56.
858 3899 910 3954 ubi
932 3899 984 3975 leg.
1001 3919 1069 3956 cum

41 3980 114 4039 Voas.
123 3997 208 4060 puto:
227 4008 328 4062 rapax,
348 4007 407 4042 ιιοιι
423 4008 520 4043 vorax.
550 3991 615 4043 Hoc
628 3989 704 4044 enim
715 3989 807 4063 apith.
822 3969 979 4059 Charybdi,
995 3986 1070 4040 iliud

42 4066 138 4137 Scyllae
155 4074 247 4150 magia
267 4074 418 4140 convertit,
444 4091 471 4129 et
489 4073 580 4131 libris
593 4075 676 4130 Statii
695 4073 833 4130 firmatur.
849 4075 885 4131 21.
904 4076 998 4140 Hom.
1010 4073 1069 4130 od.

42 4147 513 4257 X1122tsrqctc.t³ti1.11,.27
