2782 5078
335 931 337 943 ’
437 965 438 971 ‘
540 963 910 1090 „nuncia
969 977 1040 1060 vr.

437 1160 1156 1232 ARGUWM'ENTUM.

690 1335 896 1351 nnn-u·—

270 1401 393 1522 Fides
421 1438 535 1501 Deliae
568 1435 738 1521 postquam
771 1442 807 1500 in
841 1440 1057 1520 suspicionem
1093 1437 1228 1500 adducta
1254 1453 1315 1515 est,
1374 1419 1375 1422 Ἴ

230 1567 233 1576 ’
274 1545 445 1608 Tibullum
472 1545 618 1626 poenitet
645 1543 789 1604 docuisse
807 1537 917 1622 partes,
954 1543 1070 1623 quibus
1097 1546 1200 1604 amica
1225 1564 1318 1604 nunc

271 1651 311 1710 ad
335 1649 423 1710 alios
459 1637 635 1728 captandos
662 1647 812 1706 abutatur
837 1679 889 1692 --
919 1661 974 1724 14.
1036 1645 1219 1728 Coniugem
1246 1645 1316 1708 De-

206 1745 208 1748 ’
273 1753 356 1827 liae,
404 1764 448 1830 ¹ut
480 1751 541 1810 sibi
568 1763 678 1810 caveat
702 1771 785 1810 neve
811 1748 896 1835 falsis
925 1769 959 1808 se
986 1750 1101 1828 caussis
1127 1749 1233 1830 decipi
1258 1770 1316 1832 pa·

263 1837 393 1927 vtiatur,
427 1865 559 1926 monet,
587 1851 675 1912 haud
701 1851 905 1912 dissimulatis
932 1853 990 1912 viis
1005 1865 1050 1921 ,et
1076 1851 1213 1928 artibus,
1243 1856 1316 1934 qui-

271 1958 332 2018 bus
365 1977 434 2018 non
467 1957 535 2036 ipse
567 1955 665 2016 modo
701 1974 778 2018 eum
810 1955 877 2017 iam
904 1951 1083 2035 deceperit,
1136 1955 1192 2018 sed
1216 1955 1317 2018 Delia

271 2079 401 2142 quoque
435 2060 471 2120 in
496 2058 646 2117 futurum
673 2056 847 2138 deceptura
872 2059 912 2117 sit
937 2091 988 2104 --
1017 2059 1075 2137 36.
1134 2057 1316 2121 Pollicetur
1374 2099 1375 2120 t

268 2177 381 2224 autem
410 2163 526 2222 marito
553 2161 638 2220 bona
666 2161 790 2248 officia,
840 2162 867 2221 si
892 2161 1009 2220 Deliae
1036 2180 1112 2220 cura
1137 2145 1233 2242 atq⁸ue
1259 2176 1313 2224 tu·

266 2267 332 2327 tela
365 2265 427 2326 sibi
462 2266 629 2324 commissa
662 2264 762 2324 fuerit
792 2297 844 2308 --
878 2279 935 2342 42.
1000 2264 1194 2346 Quicunque
1222 2263 1313 2330 enini

268 2369 398 2452 puellae
433 2365 532 2426 fidem
558 2362 798 2443 sollicitarent,
838 2368 877 2426 iis
906 2369 1102 2446 gravissimas
1128 2388 1146 2428 a
1173 2367 1313 2430 Bellona

268 2491 388 2554 poenas
416 2454 604 2530 constitutas
632 2465 735 2544 esse,
769 2489 844 2551 quas
871 2471 938 2549 ipsa
965 2471 1084 2545 amica,
1125 2469 1224 2533 fidem
1250 2473 1312 2532 ial—
1374 2511 1375 2538 ,

267 2575 358 2648 lens',
392 2574 505 2656 datura
531 2575 572 2632 sit
597 2607 648 2617 -
675 2575 734 2651 56.
788 2571 852 2631 Sed
876 2573 978 2648 mala,
1013 2592 1095 2654 quae
1121 2567 1254 2650 Deliae,
1282 2579 1311 2638 si

181 2721 183 2734 .
264 2675 445 2760 peccasset,
499 2661 643 2736 sacerdos
676 2677 800 2736 minata
836 2687 920 2750 erat,
974 2674 1164 2756 deprecatur
1196 2680 1310 2740 matris

161 2785 175 2812 ⁹
199 2859 203 2863 .
268 2783 389 2862 gratia,
423 2799 538 2860 quam,
572 2777 720 2838 laudibus
747 2778 787 2836 de
813 2775 900 2838 illius
926 2775 1038 2839 favore
1066 2793 1097 2838 et
1124 2799 1220 2860 opera
1247 2781 1310 2844 sibi

265 2884 419 2964 praestita
467 2883 699 2962 interpositis,
737 2894 774 2940 ut
816 2881 952 2945 castitati
992 2881 1080 2942 filiae
1122 2885 1307 2964 prospiciat,

267 2989 361 3048 enixe
392 2999 542 3067 precatur
574 2995 625 3030 ¹-
660 2987 717 3056 63.
779 2983 893 3044 Fidem
927 2997 963 3058 et
992 2988 1205 3046 constantiam
1231 3009 1307 3068 pro-

167 3135 170 3144 ,
266 3093 398 3150 mittens
425 3107 585 3148 summam
612 3088 744 3161 Deliae,
784 3080 811 3148 si
837 3087 992 3148 fefellerit
1017 3087 1134 3182 fidem,
1175 3087 1307 3152 calami-

263 3204 365 3250 tatem
397 3191 541 3249 minatur
572 3223 624 3234 —-
659 3197 718 3267 84.
753 3188 836 3249 redit
870 3203 979 3250 autern
1014 3190 1120 3252 denuo
1148 3191 1189 3250 ad
1214 3212 1307 3272 spem

265 3292 345 3353 fidei
372 3306 467 3372 atque
492 3293 642 3372 perpetui
666 3291 781 3360 Deliae
810 3310 883 3372 erga
908 3313 942 3351 se
967 3295 1094 3354 amoris.
1161 3307 1164 3318 '

369 3395 626 3475 Quaerentibus,
672 3393 798 3474 quando
825 3396 865 3453 sit
891 3397 1045 3476 scripturn
1071 3396 1134 3457 hoc
1161 3417 1304 3478 carmen,

263 3498 360 3561 facile
387 3518 426 3558 ex
451 3499 507 3573 iis,
545 3517 626 3578 quae
652 3499 738 3558 inter
763 3503 895 3579 poetam
922 3512 954 3558 et
978 3498 1097 3560 Deliae
1123 3515 1305 3564 amatorem

261 3581 485 3675 intercedunt,
533 3599 742 3682 respondeas,
792 3602 904 3682 quinto
931 3603 1021 3683 prius
1050 3622 1116 3664 esse
1143 3607 1304 3686 composi-

238 3717 333 3768 'turn
365 3717 522 3764 nostrum.
582 3705 667 3764 Nam
700 3703 786 3786 quod
817 3703 870 3785 hic
896 3705 1076 3786 suspicatur
1102 3706 1141 3767 de
1167 3707 1304 3784 levitate

157 3852 161 3858 .
259 3809 404 3892 puellae,
431 3807 466 3866 id
490 3809 526 3867 in
551 3807 621 3892 illo¹
636 3809 701 3867 iam
728 3807 880 3868 effectus
907 3821 939 3868 et
965 3821 1055 3870 extra
1080 3808 1216 3870 dubium
1241 3833 1304 3892 paq
1374 3829 1375 3902 j

261 3915 361 3973 situm
390 3931 456 3972 esse
483 3912 702 3990 conqueritur.
753 3911 841 3973 Hinc
869 3910 1020 3993 colligere
1046 3909 1137 3988 licet,
1174 3919 1302 3979 annum

257 4029 333 4095 724
360 4015 412 4076 vel
439 4026 525 4076 certe
550 4018 712 4096 sequentis
738 4017 872 4081 initium
898 4015 976 4078 huic
1003 4015 1126 4097 elegiae
1150 4035 1217 4082 esse
1238 4019 1301 4081 tri·
1374 4001 1375 4008 ἵ

254 4117 431 4184 tuendum.
