2728 5074
995 385 1058 477 239

44 541 135 645 Quem
160 564 187 625 ei
213 563 280 645 quis
305 555 414 626 videat
438 575 529 624 vetus
555 573 686 624 utnon
712 559 848 642 fregerit
874 573 972 648 aetas,

41 669 131 730 Terne
151 669 259 728 'minus
287 667 398 750 Pyliae
424 670 562 728 miretur
587 669 713 728 saecula
736 666 851 727 fornae.
1105 747 1107 754 X

39 773 183 852 Namque,
223 791 319 832 senex
344 769 463 852 longae
488 771 614 852 peragit
641 771 719 830 dum
745 781 891 852 temporo
916 771 1012 844 vitae,

41 875 163 934 Centum
189 873 343 936 fecundos
371 872 472 936 Titan
498 876 859 949 revocaverit‘annos„

40 978 98 1058 Ipse
121 992 227 1039 tamen
253 979 347 1040 velox
374 977 513 1039 celerem
540 997 636 1058 super
663 977 757 1038 edere
785 997 900 1058 corpus
991 953 1063 1056 115¹

38 1081 127 1143 Audet
149 1101 284 1163 equum,
329 1083 508 1164 validisque
534 1081 622 1142 sedet
648 1081 834 1142 moderator
857 1069 1016 1142 habenis.¹

38 1251 222 1270 -m

38 1343 206 1418 scripseruntt
228 1343 381 1416 Arupinar.
409 1345 448 1401 Η.
462 1344 571 1405 Voeeio‘
582 1341 704 1418 placuit:
722 1365 887 1419 pauperque
899 1359 927 1400 et
941 1367 969 1400 rt.
993 1345 1064 1401 Non

38 1447 152 1503 tequutut
166 1451 238 1488 eum.
257 1433 347 1504 Arup.
361 1451 420 1487 non
432 1433 484 1508 pro
498 1432 588 1506 epith.
603 1433 649 1486 sed
663 1431 752 1489 subet.
765 1449 800 1488 ut
819 1434 979 1488 Pannonius
994 1433 1066 1487 ecci·
1116 1431 1119 1438 ’

37 1518 89 1589 plot
113 1531 138 1571 et
156 1536 196 1575 eet
216 1521 316 1587 etiam,
342 1535 376 1574 ut
388 1539 498 1593 quoque
513 1529 572 1587 ¹⁰8·
607 1517 778 1592 Copulative
793 1521 824 1574 in
842 1519 922 1576 tertie
936 1519 999 1573 tede
1011 1537 1067 1593 po·
1164 1535 1166 1548 ¹

39 1603 79 1656 sita
90 1605 118 1658 in
133 1605 187 1661 hoc
201 1605 343 1672 carmine,
367 1623 505 1680 quantum
519 1624 570 1679 ego
585 1597 701 1680 quidem
715 1601 862 1680 intelligo,
882 1605 950 1661 ferri
963 1621 1068 1681 potest.
1156 1661 1158 1667 ,

37 1693 169 1766 Receptem
184 1693 231 1748 oui
250 1709 372 1756 metrum
386 1711 445 1748 non
460 1692 532 1748 ferre
545 1691 675 1755 videtur,
694 1691 718 1745 it
730 1689 816 1762 legat:
834 1695 988 1768 Arupinis,
1008 1711 1066 1768 quo
1082 1735 1087 1750 ι

36 1773 93 1832 libb.
109 1780 224 1853 vestigio
241 1780 368 1841 ducunt:
397 1796 446 1834 eut
463 1783 607 1854 Arupinus
621 1783 665 1834 sit.
681 1800 793 1852 pauper
807 1796 924 1855 propter
937 1779 1070 1836 sterilite-
1086 1832 1098 1852 ,

37 1877 82 1918 tem
102 1885 252 1940 agrorum,
278 1866 329 1942 qui
344 1866 479 1922 Straboni
496 1881 651 1923 vocentur:
683 1865 798 1941 deripe?
816 1873 938 1940 χωρία.
958 1880 1015 1922 nat.
1039 1871 1069 1922 in

37 1952 107 2002 ermis
123 1951 357 2008 bellicosissimos
384 1954 505 2029 appellat
523 1953 587 2010 illoe
605 1953 761 2028 Appianus.
800 1956 932 2010 Ceterum
954 1957 986 2011 in
1006 1977 1068 2031 eqq.

37 2035 155 2110 Arupinis
180 2059 293 2096 summe
316 2057 473 2115 regemque
493 2057 619 2097 senectus
641 2038 794 2105 tribuitur,
822 2061 878 2116 que
899 2041 996 2097 eadem
1017 2041 1069 2118 qui

38 2121 106 2178 etiem
119 2143 194 2182 nunc
206 2125 272 2183 illes
284 2127 419 2184 incolunt
432 2128 567 2202 regionee
578 2125 700 2202 geudere
713 2128 852 2182 feruntur

94 2231 136 2266 ιιι
155 2231 205 2288 eq.
235 2215 267 2270 si
285 2216 348 2289 quie
370 2215 484 2280 videet,
509 2228 543 2268 ut
555 2225 645 2267 retur
663 2225 735 2266 cetae
755 2227 776 2267 ι.
793 2224 921 2270 eenectue
936 2215 1021 2272 hunc·
1028 2235 1067 2273 ec.

36 2296 108 2372 drop.
120 2319 178 2354 non
191 2298 323 2374 fregerit,
348 2297 398 2352 ille
411 2300 509 2356 minue
521 2299 659 2366 iniretur,
676 2299 832 2356 Nestorem
845 2301 953 2358 vixiste
967 2303 1002 2358 ed
1017 2316 1071 2360 ter·

36 2381 92 2436 tiem
102 2404 188 2461 utque
203 2403 324 2442 eetetern
338 2383 503 2442 hominum.

82 2488 150 2540 ¹¹5·
176 2477 234 2530 Pro
266 2472 392 2528 insititio
409 2473 487 2530 hunc
506 2468 623 2530 verrunt
637 2471 768 2546 Heyniue
788 2491 815 2530 et
834 2474 884 2530 elii
898 2473 1069 2547 habuerunt,

38 2561 159 2630 quoniam
173 2563 205 2616 in
218 2559 350 2635 pluribus
363 2560 434 2616 libb.
448 2575 476 2616 et
489 2561 552 2616 edd.
565 2580 624 2615 non
638 2575 791 2633 comperet,
825 2563 963 2618 Permulti
975 2569 1073 2622 temeri

39 2645 110 2702 codd.
128 2646 276 2723 iidemque
294 2647 387 2704 bonae
410 2647 477 2702 fidei
490 2665 555 2702 eum
571 2650 738 2722 agnoscunt.
754 2645 867 2722 Angli,
891 2647 948 2703 niti
961 2664 1071 2722 ornnes,

38 2746 98 2787 certe
117 2749 209 2790 temen
232 2737 271 2792 D.
286 2739 336 2802 Ε.,
362 2736 421 2790 duo
433 2735 519 2790 Witt.
535 2731 610 2808 apud
624 2729 753 2788 Broulrh.
768 2733 799 2786 in
815 2733 928 2802 anecd,
953 2737 1073 2806 Gaetu,

36 2819 124 2878 Heine.
145 2825 200 2891 D.,
231 2822 325 2886 Berol.
347 2837 388 2889 ιι,
420 2819 554 2887 Statiani,
588 2821 675 2876 Corr.
702 2837 865 2894 quenquam
889 2837 1075 2896 corruptumt

37 2905 152 2984 Namque
166 2929 225 2963 sen.
241 2907 324 2980 longe
338 2908 451 2981 spargit
462 2937 497 2950 ·-
505 2905 613 2980 famae.
647 2909 828 2962 Postremum
848 2924 964 2982 quoque
976 2908 1008 2961 in
1023 2906 1076 2962 alla

35 3010 96 3065 quot
113 2995 261 3071 prioribne
284 3013 338 3068 pro
358 2996 443 3049 vitae.
479 2997 617 3066 Receptus
637 3008 679 3046 eet
698 2992 776 3046 idem
798 3009 897 3048 vereue
918 3005 985 3050 cuin
1009 2994 1075 3053 lect.

36 3084 134 3137 saecule
150 3079 230 3142 vitae
247 3079 281 3134 in
305 3080 365 3136 tld.
384 3095 427 3148 2.,
452 3069 576 3145 Muret,
596 3081 685 3145 etet,
714 3076 839 3164 Gryph.,
864 3077 966 3149 narii,
985 3079 1075 3156 Vulp-

36 3180 102 3233 1710.
116 3166 247 3228 Francoi.
265 3167 341 3223 1621.
355 3171 457 3224 Bauer.
471 3165 606 3221 asterisco
620 3164 723 3238 potito,
738 3169 775 3222 Η.
782 3170 863 3227 Voee.
876 3181 987 3222 mutato
1003 3185 1073 3222 saec.

37 3252 63 3306 iu
82 3268 217 3331 tempore.
253 3255 378 3311 Probent
404 3254 522 3320 Heine,
553 3250 698 3319 Livinei,
730 3253 892 3310 Peucen-in
919 3265 1077 3314 comment·

38 3340 161 3400 Omieeue
176 3339 237 3399 ιἰιο
248 3342 365 3398 videtur
377 3356 494 3418 propter
507 3355 594 3414 repet.
608 3339 784 3395 verborumr
802 3341 893 3394 recula
902 3339 975 3414 fam.
984 3357 1011 3396 et
1024 3361 1075 3398 see,

36 3430 121 3483 citae.
146 3431 286 3486 Pessime
292 3443 386 3484 eutem
407 3431 492 3484 ebert
527 3425 604 3480 Nem
624 3425 753 3500 primum
764 3443 871 3483 verene
890 3429 1005 3483 Centum
1021 3443 1075 3484 cet·¹
1142 3495 1144 3504 Ι

37 3517 126 3571 ιιιιιίι
146 3514 388 3592 significationem
405 3510 546 3588 postulet,
573 3529 606 3566 ut
626 3531 671 3568 ve
689 3527 726 3581 50
741 3532 800 3588 eq..
822 3533 858 3572 ne
876 3535 976 3570 mance
994 3515 1078 3569 etin·

38 3618 103 3658 certe
122 3604 300 3679 relinquetur
322 3601 468 3657 cententio.
493 3591 598 3676 Quie
590 3599 665 3654 eninr
680 3599 752 3656 beno
762 3599 935 3678 intelligeret
948 3601 1074 3656 dictum·

39 3688 170 3760 Quamvis
185 3706 301 3750 centum
315 3707 384 3744 euru
374 3686 577 3764 'praeterlapsi
592 3665 731 3741 inerint
700 3705 782 3763 1,pee
792 3704 884 3746 temen
893 3704 944 3744 cet.
962 3685 1088 3741 Deinde

36 3793 111 3847 pron.
127 3781 193 3850 lpse
204 3776 359 3840 decideret,
379 3793 438 3850 quo
451 3791 563 3850 spectet.
598 3771 728 3836 Nostro'
719 3774 811 3848 rgitur
822 3795 909 3832 versu
922 3773 1080 3843 deficiente,

37 3859 106 3918 illud
127 3875 200 3942 vege
222 3879 251 3919 et
265 3860 399 3938 ambigue
410 3876 450 3916 eet
461 3862 591 3936 positum
607 3861 677 3916 edeo
691 3877 723 3916 ut
737 3861 822 3917 facile
835 3862 898 3936 quie
912 3861 947 3914 ed
961 3861 1078 3917 Nestor.

38 3949 133 4006 referre
153 3949 251 4026 possit.
287 3951 343 4006 nis
365 3947 502 4004 adductus
527 3948 630 4005 causele
649 3967 765 4004 venum
784 3947 931 4002 exulatum
943 3946 1081 4002 revoceri

37 4036 69 4090 ed
82 4040 122 4094 H.
138 4041 222 4098 Voce.
236 4037 454 4094 correctionem
476 4047 620 4107 tempera,
636 4033 674 4093 ci.
689 4032 748 4094 Or.
763 4053 798 4090 ex
809 4037 891 4098 Pont,
904 4039 965 4098 111.
983 4047 1016 4101 ι,
1034 4050 1082 4108 29,

37 4147 67 4170 ·-
83 4127 218 4180 innocuae
231 4125 389 4203 deriserunt
402 4135 529 4196 tempera
542 4123 626 4177 vitae.
1155 4165 1157 4172 .

100 4223 158 4281 ¹¹4·
174 4215 349 4278 revocaverit
368 4209 453 4286 Aegl.
471 4213 522 4287 tt,
548 4203 645 4282 tlon,
668 4207 769 4266 Heius.
789 4211 824 4264 It.
846 4227 870 4268 ι,
889 4219 915 4280 5.
938 4204 1034 4268 Gueli.
1052 4219 1078 4266 e.
1119 4289 1122 4303 1
1193 4217 1196 4226 ’
